@book{helwany2007applied,
  title={Applied soil mechanics with ABAQUS applications},
  author={Helwany, Sam},
  year={2007},
  publisher={John Wiley \& Sons}
}

@book{lemaitre1994mechanics,
	title={Mechanics of solid materials},
	author={Lemaitre, Jean and Chaboche, Jean-Louis},
	year={1994},
	publisher={Cambridge university press}
}
@book{randolph2011offshore,
	title={Offshore geotechnical engineering},
	author={Randolph, Mark and Gourvenec, Susan},
	year={2011},
	publisher={CRC Press}
}
@phdthesis{gelagoti2010metaplastic,
	title={Metaplastic response and collapse of frame-foundation systems and the concept of rocking isolation},
	author={Gelagoti, F},
	year={2010},
	school={Ph. D. thesis, National Technical Univ., Athens, Greece}
}
@article{anastasopoulos2011simplified,
	title={Simplified constitutive model for simulation of cyclic response of shallow foundations: validation against laboratory tests},
	author={Anastasopoulos, I and Gelagoti, F and Kourkoulis, R and Gazetas, G},
	journal={Journal of Geotechnical and Geoenvironmental Engineering},
	volume={137},
	number={12},
	pages={1154--1168},
	year={2011},
	publisher={American Society of Civil Engineers}
}
@article{anastasopoulos2010soil,
	title={Soil failure can be used for seismic protection of structures},
	author={Anastasopoulos, I and Gazetas, G and Loli, M and Apostolou, M and Gerolymos, N},
	journal={Bulletin of Earthquake Engineering},
	volume={8},
	number={2},
	pages={309--326},
	year={2010},
	publisher={Springer}
}
@article{gazetas2013nonlinear,
	title={Nonlinear rocking stiffness of foundations},
	author={Gazetas, G and Anastasopoulos, I and Adamidis, O and Kontoroupi, Th},
	journal={Soil Dynamics and Earthquake Engineering},
	volume={47},
	pages={83--91},
	year={2013},
	publisher={Elsevier}
}
@article{gelagoti2012rocking,
	title={Rocking-isolated frame structures: Margins of safety against toppling collapse and simplified design approach},
	author={Gelagoti, F and Kourkoulis, R and Anastasopoulos, I and Gazetas, G},
	journal={Soil Dynamics and Earthquake Engineering},
	volume={32},
	number={1},
	pages={87--102},
	year={2012},
	publisher={Elsevier}
}
@article{panagiotidou2012pushover,
	title={Pushover and seismic response of foundations on Stiff Clay: analysis with P-Delta effects},
	author={Panagiotidou, Andriani I and Gazetas, George and Gerolymos, Nikos},
	journal={Earthquake Spectra},
	volume={28},
	number={4},
	pages={1589--1618},
	year={2012},
	publisher={Earthquake Engineering Research Institute}
}

@article{gelagoti2012rocking,
	title={Rocking isolation of low-rise frame structures founded on isolated footings},
	author={Gelagoti, F and Kourkoulis, R and Anastasopoulos, I and Gazetas, G},
	journal={Earthquake Engineering \& Structural Dynamics},
	volume={41},
	number={7},
	pages={1177--1197},
	year={2012},
	publisher={Wiley Online Library}
}
@article{mylonakis1997soil,
	title={Soil-pile-bridge seismic interaction: kinematic and inertial effects. Part I: soft soil},
	author={Mylonakis, George and Nikolaou, Aspasia and Gazetas, George},
	journal={Earthquake engineering \& structural dynamics},
	volume={26},
	number={3},
	pages={337--359},
	year={1997},
	publisher={Citeseer}
}
@article{gerom2005constitutive,
	title={CONSTITUTIVE MODEL FOR l—D CYCLIC SOIL BEHAVIOUR APPLIED TO SEISMIC ANALYSIS OF LAYERED DEPOSITS},
	author={GERom’mos, NIKOS and GAZETA, GEORGE},
	journal={Soils and Foundations},
	volume={45},
	number={3},
	pages={147--159},
	year={2005}
}
@article{kourkoulis2012rocking,
	title={Rocking isolation of frames on isolated footings: design insights and limitations},
	author={Kourkoulis, R and Gelagoti, F and Anastasopoulos, I},
	journal={Journal of Earthquake Engineering},
	volume={16},
	number={3},
	pages={374--400},
	year={2012},
	publisher={Taylor \& Francis}
}
@article{gajan2009effects,
	title={Effects of moment-to-shear ratio on combined cyclic load-displacement behavior of shallow foundations from centrifuge experiments},
	author={Gajan, Sivapalan and Kutter, Bruce L},
	journal={Journal of geotechnical and geoenvironmental engineering},
	volume={135},
	number={8},
	pages={1044--1055},
	year={2009},
	publisher={American Society of Civil Engineers}
}
@article{dost2013august,
	title={The August 16, 2012 earthquake near Huizinge (Groningen)},
	author={Dost, Bernard and Kraaijpoel, Dirk},
	journal={KNMI Scientific report (http://www. knmi. nl/knmilibrary/miscellaneousreport. html)},
	year={2013}
}
@article{dost2012monitoring,
	title={Monitoring induced seismicity in the North of the Netherlands: status report 2010},
	author={Dost, Bernard and Goutbeek, Femke and van Eck, Torild and Kraaijpoel, Dirk},
	journal={KNMI Scientific report},
	pages={2012--03},
	year={2012}
}
@article{chen2001finite,
	title={Finite-element modeling of filling pressures in a full-scale silo},
	author={Chen, JF and Yu, SK and Ooi, JY and Rotter, JM},
	journal={Journal of engineering mechanics},
	volume={127},
	number={10},
	pages={1058--1066},
	year={2001},
	publisher={American Society of Civil Engineers}
}
@article{ishibashi1993unified,
	title={Unified dynamic shear moduli and damping patios of sand and clay.},
	author={Ishibashi, Isao and Zhang, Xinjian},
	volume={33},
	number={1},
	pages={182--191},
	year={1993},
	publisher={The Japanese Geotechnical Society}
}
@article{anastasopoulos2014simplified,
	title={Simplified approximate method for analysis of rocking systems accounting for soil inelasticity and foundation uplifting},
	author={Anastasopoulos, I and Kontoroupi, Th},
	journal={Soil Dynamics and Earthquake Engineering},
	volume={56},
	pages={28--43},
	year={2014},
	publisher={Elsevier}
}
@article{vardanega2014stiffness,
	title={Stiffness of clays and silts: Modeling considerations},
	author={Vardanega, PJ and Bolton, MD},
	journal={Journal of Geotechnical and Geoenvironmental Engineering},
	volume={140},
	number={6},
	pages={06014004},
	year={2014},
	publisher={American Society of Civil Engineers}
}
@article{doherty2011three,
	title={Three-dimensional finite element analysis of the direct simple shear test},
	author={Doherty, James and Fahey, Martin},
	journal={Computers and Geotechnics},
	volume={38},
	number={7},
	pages={917--924},
	year={2011},
	publisher={Elsevier}
}
@article{britto20101,
	title={1 Dimensional Consolidation},
	author={Britto, Arul M},
	year={2010}
}
@article{ntritsos2015static,
	title={Static and cyclic undrained response of square embedded foundations},
	author={Ntritsos, N and Anastasopoulos, I and Gazetas, G},
	journal={G{\'e}otechnique},
	volume={65},
	number={10},
	pages={805--823},
	year={2015},
	publisher={Thomas Telford Ltd}
}
@book{darendeli2001development,
	title={Development of a new family of normalized modulus reduction and material damping curves},
	author={Darendeli, Mehmet Baris},
	year={2001}
}
@article{vucetic1991effect,
	title={Effect of soil plasticity on cyclic response},
	author={Vucetic, Mladen and Dobry, Ricardo},
	journal={Journal of geotechnical engineering},
	volume={117},
	number={1},
	pages={89--107},
	year={1991},
	publisher={American Society of Civil Engineers}
}
@article{vucetic1994cyclic,
	title={Cyclic threshold shear strains in soils},
	author={Vucetic, Mladen},
	journal={Journal of Geotechnical engineering},
	volume={120},
	number={12},
	pages={2208--2228},
	year={1994},
	publisher={American Society of Civil Engineers}
}
@book{dobry1988dynamic,
	title={Dynamic properties and seismic response of soft clay deposits},
	author={Dobry, Ricardo and Vucetic, Mladen},
	year={1988},
	publisher={Department of Civil Engineering, Rensselaer Polytechnic Institute}
}
@article{manualversion,
	title={Version 6.14-1},
	author={Manual, Abaqus Users},
	journal={Dassault Syst{\'e}mes Simulia Corp., Providence, RI}
}
@article{schanz1999hardening,
	title={The hardening soil model: formulation and verification},
	author={Schanz, T and Vermeer, PA and Bonnier, PG},
	journal={Beyond 2000 in computational geotechnics},
	pages={281--296},
	year={1999},
	publisher={Balkema, Rotterdam}
}
@article{vardanega2013stiffness,
	title={Stiffness of clays and silts: Normalizing shear modulus and shear strain},
	author={Vardanega, PJ and Bolton, MD},
	journal={Journal of Geotechnical and Geoenvironmental Engineering},
	volume={139},
	number={9},
	pages={1575--1589},
	year={2013},
	publisher={American Society of Civil Engineers}
}
@article{brinkgreve2007hysteretic,
	title={Hysteretic damping in a small-strain stiffness model},
	author={Brinkgreve, RBJ and Kappert, MH and Bonnier, PG},
	journal={Proc. of Num. Mod. in Geomech., NUMOG X, Rhodes},
	pages={737--742},
	year={2007}
}
@article{iyisan1996correlations,
	title={Correlations between shear wave velocity and in-situ penetration test results},
	author={Iyisan, Recep},
	journal={TEKNIK DERGI-TMMOB INSAAT MUHENDISLERI ODASI},
	volume={7},
	pages={371--374},
	year={1996},
	publisher={TURKISH CHAMBER OF CIVIL ENGINEERS}
}
@inproceedings{mayne2014interpretation,
	title={Interpretation of geotechnical parameters from seismic piezocone tests},
	author={Mayne, PW},
	booktitle={Proceedings 3rd international symposium on cone pentrometer testing, CPT},
	volume={14},
	pages={47--73},
	year={2014}
}
@article{jeremic2009time,
	title={Time domain simulation of soil-foundation-structure interaction in non-uniform soils},
	author={Jeremic, Boris and Jie, Guanzhou and Preisig, Matthias and Tafazzoli, Nima},
	journal={Earthquake Engineering \& Structural Dynamics},
	volume={38},
	number={5},
	pages={699},
	year={2009}
}
@article{hashash2002viscous,
	title={Viscous damping formulation and high frequency motion propagation in non-linear site response analysis},
	author={Hashash, Youssef MA and Park, Duhee},
	journal={Soil Dynamics and Earthquake Engineering},
	volume={22},
	number={7},
	pages={611--624},
	year={2002},
	publisher={Elsevier}
}
@article{pisano2014simulating,
	title={Simulating stiffness degradation and damping in soils via a simple visco-elastic--plastic model},
	author={Pisan{\`o}, Federico and Jeremi{\'c}, Boris},
	journal={Soil Dynamics and Earthquake Engineering},
	volume={63},
	pages={98--109},
	year={2014},
	publisher={Elsevier}
}
@article{park2004soil,
	title={Soil damping formulation in nonlinear time domain site response analysis},
	author={Park, Duhee and Hashash, Youssef MA},
	journal={Journal of Earthquake Engineering},
	volume={8},
	number={02},
	pages={249--274},
	year={2004},
	publisher={World Scientific}
}
@article{hilber1977improved,
	title={Improved numerical dissipation for time integration algorithms in structural dynamics},
	author={Hilber, Hans M and Hughes, Thomas JR and Taylor, Robert L},
	journal={Earthquake Engineering \& Structural Dynamics},
	volume={5},
	number={3},
	pages={283--292},
	year={1977},
	publisher={Wiley Online Library}
}
@article{gazetas2004seismic,
	title={Seismic behaviour of flexible retaining systems subjected to short-duration moderately strong excitation},
	author={Gazetas, G and Psarropoulos, PN and Anastasopoulos, I and Gerolymos, N},
	journal={Soil Dynamics and Earthquake Engineering},
	volume={24},
	number={7},
	pages={537--550},
	year={2004},
	publisher={Elsevier}
}
@article{papadrakakiscomparison,
	title={A COMPARISON OF TWO ELASTIC-PLASTIC APPROACHES TO CYCLIC SOIL MODELLING},
	author={Papadrakakis, M and Lagaros, ND and Plevris, V}
}
@article{kristekova2006misfit,
	title={Misfit criteria for quantitative comparison of seismograms},
	author={Kristekov{\'a}, Miriam and Kristek, Jozef and Moczo, Peter and Day, Steven M},
	journal={Bulletin of the seismological Society of America},
	volume={96},
	number={5},
	pages={1836--1850},
	year={2006},
	publisher={Seismological Society of America}
}
@article{dost2004scaling,
	title={Scaling of peak ground acceleration and peak ground velocity recorded in the Netherlands},
	author={Dost, B and Van Eck, T and Haak, H},
	journal={Bollettino di Geofisica Teorica ed Appliocata},
	volume={45},
	number={3},
	pages={153--168},
	year={2004}
}
@article{dahlbergevaluation,
	title={Evaluation of models for cyclic plastic deformation},
	author={Dahlberg, Magnus and Segle, Peter}
}
@inproceedings{nielsen2006absorbing,
	title={Absorbing boundary conditions for seismic analysis in ABAQUS},
	author={Nielsen, Andreas H},
	booktitle={ABAQUS Users’ Conference},
	pages={359--376},
	year={2006}
}
@article{rayleigh1976theory,
	title={The theory of sound, vols. 1 and 2Dover},
	author={Rayleigh, JWS and Lindsay, RB},
	journal={New York},
	year={1976}
}
@book{kramer1996geotechnical,
	title={Geotechnical earthquake engineering},
	author={Kramer, Steven L},
	year={1996},
	publisher={Pearson Education India}
}
@article{code2005eurocode,
	title={Eurocode 8: Design of structures for earthquake resistance-Part 1: General rules, seismic actions and rules for buildings},
	author={Code, Price},
	year={2005}
}
@inproceedings{veletsos1965deformation,
	title={Deformation spectra for elastic and elastoplastic systems subjected to ground shock and earthquake motions},
	author={Veletsos, AS and Newmark, NM and Chelapati, CV},
	booktitle={Proceedings of the 3rd world conference on earthquake engineering},
	volume={2},
	pages={663--682},
	year={1965}
}
@article{gazetas2013can,
	title={Can we design in geotechnics with seismic factors of safety less than 1?},
	author={Gazetas, George},
	journal={Comptes Rendus Du 15{\`e}me Congr{\`e}s Europ{\'e}en de M{\'e}canique Des Sols \& de G{\'e}otechnique: La G{\'e}otechnique Des Sols Indur{\'e}s-Roches Tendres,[Athina 2011].. Pt. 4},
	pages={141},
	year={2013},
	publisher={Courier Corporation}
}
@article{chopra1985simplified,
	title={Simplified earthquake analysis of structures with foundation uplift},
	author={Chopra, Anil K and Yim, Solomon C-S},
	journal={Journal of Structural Engineering},
	volume={111},
	number={4},
	pages={906--930},
	year={1985},
	publisher={American Society of Civil Engineers}
}
@article{cremer2001cyclic,
	title={Cyclic macro-element for soil--structure interaction: material and geometrical non-linearities},
	author={Cremer, C{\'e}cile and Pecker, Alain and Davenne, Luc},
	journal={International Journal for Numerical and Analytical Methods in Geomechanics},
	volume={25},
	number={13},
	pages={1257--1284},
	year={2001},
	publisher={Wiley Online Library}
}
@inproceedings{gazetas2004nonlinear,
	title={Nonlinear soil--structure interaction: foundation uplifting and soil yielding},
	author={Gazetas, George and Apostolou, Marios},
	booktitle={Proceedings of the 3rd USA--Japan workshop on soil--structure interaction. Menlo Park},
	year={2004}
}
@article{martellotta2015review,
	title={Review of Seismic Retrofitting Strategies for Residential Buildings in an International Context},
	author={Martellotta, Luca and Martens, DRW and Teuffel, PM},
	year={2015}
}
@article{NERA,
	title={NERA
	A Computer Program for
	Nonlinear Earthquake site Response Analyses
	of Layered Soil Deposits}
	author={Bardet, JD, Tobita, T}
	year={2001}
}
@phdthesis{araujo2002non,
	title={Non-linear kinematic hardening model for multiaxial cyclic plasticity},
	author={Araujo, Marcio Costa},
	year={2002},
	school={Faculty of the Louisiana State University and Agricultural and Mechanical College in partial fulfillment of the requirements for the degree of Master of Science in Civil Engineering in The Department of Civil and Environmental Engineering by Marcio Costa Ara{\'u}jo BS, Universidade Federal do Piau{\'\i}, Brazil}
}
@phdthesis{wei2004numerical,
	title={Numerical simulation and field verification of inclined piezocone penetration test in cohesive soils},
	author={Wei, Lei},
	year={2004},
	school={Tongji University, China, 2000}
}
@phdthesis{apostolou2011soil,
	title={Soil--structure interaction under strong seismic moment: material and geometric nonlinearity},
	author={Apostolou, Marios E},
	year={2011},
	school={National Technical University, Athens}
}
@article{ravestructural,
	title={Structural response of buildings on mountain slopes subjected to earth pressure under seismic conditions},
	author={Rave-Arango, JF and Bland{\'o}n-Uribe, CA}
}
@phdthesis{oktay2012finite,
	title={FINITE ELEMENT ANALYSIS OF LABORATORY MODEL EXPERIMENTS ON BEHAVIOR OF SHALLOW FOUNDATIONS UNDER GENERAL LOADING},
	author={OKTAY, HASAN EMRE},
	year={2012},
	school={MIDDLE EAST TECHNICAL UNIVERSITY}
}
@article{chopra1985simplified,
	title={Simplified earthquake analysis of structures with foundation uplift},
	author={Chopra, Anil K and Yim, Solomon C-S},
	journal={Journal of Structural Engineering},
	volume={111},
	number={4},
	pages={906--930},
	year={1985},
	publisher={American Society of Civil Engineers}
}
@article{koh1986harmonic,
	title={Harmonic rocking of rigid block on flexible foundation},
	author={Koh, Aik-Siong and Spanos, Pol D and Roesset, Jose M},
	journal={Journal of engineering mechanics},
	volume={112},
	number={11},
	pages={1165--1180},
	year={1986},
	publisher={American Society of Civil Engineers}
}
@article{bransby1998combined,
	title={Combined loading of skirted foundations},
	author={Bransby, MF and Randolph, MF},
	journal={G{\'e}otechnique},
	volume={48},
	number={5},
	pages={637--55},
	year={1998},
	publisher={London: Geotechnical Society, 1948-}
}
@article{gottardi1999plastic,
	title={Plastic response of circular footings on sand under general planar loading},
	author={Gottardi, G and Houlsby, GT and Butterfield, R},
	journal={G{\'e}otechnique},
	volume={49},
	number={4},
	pages={453--470},
	year={1999},
	publisher={London: Geotechnical Society, 1948-}
}
@article{manualversion,
	title={Version 6.14-1},
	author={Manual, Abaqus Users},
	journal={Dassault Syst{\'e}mes Simulia Corp., Providence, RI}
}
@techreport{solberg2013nonlinear,
	title={NONLINEAR TIME-DOMAIN SOIL-STRUCTURE ANALYSIS OF EMBEDDED REACTOR STRUCTURES SUBJECTED TO EARTHQUAKE LOADS},
	author={Solberg, JM and Hossain, Q},
	year={2013},
	institution={Lawrence Livermore National Laboratory (LLNL), Livermore, CA}
}
@inproceedings{correia2012nonlinear,
	title={Nonlinear pile-head macro-element model: SSI effects on seismic response of a monoshaft-supported bridge},
	author={Correia, AA and Pecker, A and Kramer, SL and Pinho, R},
	booktitle={Proceedings of the 15th World Conference on Earthquake Engineering},
	year={2012}
}
@article{hardin1972shear,
	title={Shear modulus and damping in soils},
	author={Hardin, Bobby O and Drnevich, Vincent P},
	journal={Journal of the Soil Mechanics and Foundations Division},
	volume={98},
	number={7},
	pages={667--692},
	year={1972},
	publisher={ASCE}
}
@techreport{park1984seismic,
	title={Seismic damage analysis and damage-limiting design of RC buildings},
	author={Park, Young-Ji and Ang, AH-S and Wen, Yi-Kwei},
	year={1984},
	institution={University of Illinois Engineering Experiment Station. College of Engineering. University of Illinois at Urbana-Champaign.}
}
@article{faccioli2001investigation,
	title={Investigation of Seismic Soil-Footing Interaction by Large Scale Tests and Analytical Models},
	author={Faccioli, Ezio and Paolucci, Roberto and Vivero, Guillermo},
	year={2001},
	publisher={Missouri University of Science and Technology}
}
@article{gajan2005centrifuge,
	title={Centrifuge modeling of load-deformation behavior of rocking shallow foundations},
	author={Gajan, Sivapalan and Kutter, Bruce L and Phalen, Justin D and Hutchinson, Tara C and Martin, Geoff R},
	journal={Soil Dynamics and Earthquake Engineering},
	volume={25},
	number={7},
	pages={773--783},
	year={2005},
	publisher={Elsevier}
}
@book{hibbett1998abaqus,
	title={ABAQUS/standard: User's Manual},
	author={Hibbett and Karlsson and Sorensen},
	volume={1},
	year={1998},
	publisher={Hibbitt, Karlsson \& Sorensen}
}
@article{kanno2006new,
	title={A new attenuation relation for strong ground motion in Japan based on recorded data},
	author={Kanno, Tatsuo and Narita, Akira and Morikawa, Nobuyuki and Fujiwara, Hiroyuki and Fukushima, Yoshimitsu},
	journal={Bulletin of the Seismological Society of America},
	volume={96},
	number={3},
	pages={879--897},
	year={2006},
	publisher={Seismological Society of America}
}
@article{roh2010modeling,
	title={Modeling and seismic response of structures with concrete rocking columns and viscous dampers},
	author={Roh, Hwasung and Reinhorn, Andrei M},
	journal={Engineering Structures},
	volume={32},
	number={8},
	pages={2096--2107},
	year={2010},
	publisher={Elsevier}
}
@article{pecker2014role,
	title={The role of non-linear dynamic soil-foundation interaction on the seismic response of structures},
	author={Pecker, Alain and Paolucci, Roberto and Chatzigogos, Charisis and Correia, Ant{\'o}nio A and Figini, Raffaele},
	journal={Bulletin of Earthquake Engineering},
	volume={12},
	number={3},
	pages={1157--1176},
	year={2014},
	publisher={Springer}
}
@article{love1944h,
	title={H. A treatise on the mathematical theory of elasticity},
	author={Love, AE},
	journal={Cambridge: Cambridge University Press},
	volume={1},
	pages={952},
	year={1944}
}
@article{lysmer1969finite,
	title={Finite dynamic model for infinite media},
	author={Lysmer, John and Kuhlemeyer, Roger L},
	journal={Journal of the Engineering Mechanics Division},
	volume={95},
	number={4},
	pages={859--878},
	year={1969},
	publisher={ASCE}
}
@incollection{zienkiewicz1989earthquake,
	title={Earthquake Input Definition and the Trasmitting Boundary Conditions},
	author={Zienkiewicz, OC and Bicanic, N and Shen, FQ},
	booktitle={Advances in computational nonlinear mechanics},
	pages={109--138},
	year={1989},
	publisher={Springer}
}
@article{mroz1967description,
	title={On the description of anisotropic workhardening},
	author={Mroz, Zi},
	journal={Journal of the Mechanics and Physics of Solids},
	volume={15},
	number={3},
	pages={163--175},
	year={1967},
	publisher={Elsevier}
}
@article{pisano2014simulating,
	title={Simulating stiffness degradation and damping in soils via a simple visco-elastic--plastic model},
	author={Pisan{\`o}, Federico and Jeremi{\'c}, Boris},
	journal={Soil Dynamics and Earthquake Engineering},
	volume={63},
	pages={98--109},
	year={2014},
	publisher={Elsevier}
}
@article{den2011ongedraineerde,
	title={Ongedraineerde sterkte van slappe Nederlandse grond Deel II},
	author={den Haan, Evert},
	journal={Geotechniek},
	volume={15},
	number={1},
	pages={42},
	year={2011}
}
@article{shibuya1997elastic,
	title={Elastic shear modulus of soft clays from shear wave velocity measurement},
	author={Shibuya, S and Hwang, SC and Mitachi, T},
	journal={Geotechnique},
	volume={47},
	number={3},
	pages={593--601},
	year={1997},
	publisher={Thomas Telford Ltd}
}
@inproceedings{seed1986use,
	title={Use of SPT and CPT tests for evaluating the liquefaction resistance of sands},
	author={Seed, H Bolton and De Alba, Pedro},
	booktitle={Use of in situ tests in geotechnical engineering},
	pages={281--302},
	year={1986},
	organization={ASCE}
}
@article{hardin1963elastic,
	title={Elastic wave velocities in granular soils},
	author={Hardin, Bobby O and Richart Jr, FE},
	journal={Journal of Soil Mechanics \& Foundations Div},
	volume={89},
	number={Proc. Paper 3407},
	year={1963}
}
@article{robertson1983interpretation,
	title={Interpretation of cone penetration tests. Part I: Sand},
	author={Robertson, Peter Kay and Campanella, RG},
	journal={Canadian geotechnical journal},
	volume={20},
	number={4},
	pages={718--733},
	year={1983},
	publisher={NRC Research Press}
}
@article{newmark1959method,
	title={A method of computation for structural dynamics},
	author={Newmark, Nathan M},
	journal={Journal of the engineering mechanics division},
	volume={85},
	number={3},
	pages={67--94},
	year={1959},
	publisher={ASCE}
}